% CASPER'S SOURCES
@article{frey2017future,
  title={The future of employment: How susceptible are jobs to computerisation?},
  author={Frey, Carl Benedikt and Osborne, Michael A},
  journal={Technological forecasting and social change},
  volume={114},
  pages={254--280},
  year={2017},
  publisher={Elsevier}
}

@article{felten2019occupational,
  title={The occupational impact of artificial intelligence: Labor, skills, and polarization},
  author={Felten, Edward W and Raj, Manav and Seamans, Robert},
  journal={NYU Stern School of Business},
  year={2019}
}

@article{riedl2015using,
  title={Using Stories to Teach Human Values to Artificial Agents},
  author={Riedl, Mark O and Harrison, Brent},
  year={2015}
}

@article{katz2017general,
  title={A general approach for predicting the behavior of the Supreme Court of the United States},
  author={Katz, Daniel Martin and Bommarito, Michael J and Blackman, Josh},
  journal={PloS one},
  volume={12},
  number={4},
  pages={e0174698},
  year={2017},
  publisher={Public Library of Science San Francisco, CA USA}
}

@article{esteva2017dermatologist,
  title={Dermatologist-level classification of skin cancer with deep neural networks},
  author={Esteva, Andre and Kuprel, Brett and Novoa, Roberto A and Ko, Justin and Swetter, Susan M and Blau, Helen M and Thrun, Sebastian},
  journal={nature},
  volume={542},
  number={7639},
  pages={115--118},
  year={2017},
  publisher={Nature Publishing Group}
}


% JOAR'S SOURCES
@misc{AIWorries, 
    title={What worries me about ai}, 
    journal={Medium}, 
    publisher={Medium}, 
    author={Chollet, François}, 
    year={2018}, 
    month={3},
    note={\url{https://medium.com/@francois.chollet/what-worries-me-about-ai-ed9df072b704} [Accessed: 2023, November 7]}
} 
@misc{IntelligenceExplosion, 
    title={The implausibility of Intelligence Explosion},  
    journal={Medium}, 
    publisher={Medium}, 
    author={Chollet, François}, 
    year={2017}, 
    month={11},
    note={\url{https://medium.com/@francois.chollet/the-impossibility-of-intelligence-explosion-5be4a9eda6ec} [Accessed: 2023, November 7]}
} 

@misc{MyanmarCleansing, 
    title={Myanmar: Facebook’s systems promoted violence against Rohingya; Meta owes reparations – new report},
    journal={Amnesty International}, 
    author={{Amnesty International}},
    year={2022}, 
    month={9},
    note={\url{https://www.amnesty.org/en/latest/news/2022/09/myanmar-facebooks-systems-promoted-violence-against-rohingya-meta-owes-reparations-new-report/} [Accessed: 2023, November 7]}
} 

% NICOLE'S SOURCES

@article{johnson1985technology,
  title={Technology with No Human Responsibility},
  author={Johnson, Deborah G.},
  journal={Ethics and Information Technology},
  volume={1},
  number={2},
  pages={115--126},
  year={1985},
  publisher={Springer}
}

@article{russell2015research,
  title={Research Priorities for Robust and Beneficial Artificial Intelligence},
  author={Russell, Stuart and Dewey, Daniel and Tegmark, Max},
  journal={AI Magazine},
  volume={36},
  number={4},
  pages={105--114},
  year={2015}
}


% ZONGKAI'S SOURCES
@article{realriskofai,
  title={The Real Risks of Artificial Intelligence},
  author={David Lorge Parnas},
  journal={Communications of the ACM},
  volume={60},
  number={10},
  pages={27-31},
  year={2017}
}

@article{futuremployment,
  title={The Future of Employment: How Susceptible are Jobs to Computerisation},
  author={Benedikt Frey, Carl and A. Osborne, Michael},
  journal={Technological Forecasting and Social Change},
  volume={114},
  pages={254-280},
  year={2013}
}
